<?xml version='1.0' encoding='UTF-8'?>
<record xmlns="http://www.loc.gov/MARC21/slim">
  <leader>01299cam a2200361M  4500</leader>
  <controlfield tag="001">1528504</controlfield>
  <controlfield tag="003">NjP</controlfield>
  <controlfield tag="005">20170905111304.0</controlfield>
  <controlfield tag="008">890411s1953    le ac         000 0 arao </controlfield>
  <datafield tag="024" ind1="7" ind2=" ">
    <subfield code="a">princeton_aco002203</subfield>
    <subfield code="2">local</subfield>
  </datafield>
  <datafield ind1=" " ind2=" " tag="010">
    <subfield code="a">ne 64003229 </subfield>
  </datafield>
  <datafield ind1=" " ind2=" " tag="035">
    <subfield code="a">(OCoLC)ocn177133188</subfield>
  </datafield>
  <datafield ind1=" " ind2=" " tag="035">
    <subfield code="a">(OCoLC)ocm19710036</subfield>
  </datafield>
  <datafield ind1=" " ind2=" " tag="035">
    <subfield code="a">1528504</subfield>
  </datafield>
  <datafield ind1=" " ind2=" " tag="040">
    <subfield code="a">DLC</subfield>
    <subfield code="c">PUL</subfield>
    <subfield code="d">PUL</subfield>
  </datafield>
  <datafield ind1=" " ind2=" " tag="035">
    <subfield code="a">(OCoLC)177133188</subfield>
  </datafield>
  <datafield ind1=" " ind2=" " tag="035">
    <subfield code="9">CET5083TS</subfield>
  </datafield>
  <datafield ind1=" " ind2=" " tag="035">
    <subfield code="a">(NjP)1528504</subfield>
  </datafield>
  <datafield ind1=" " ind2=" " tag="043">
    <subfield code="a">a-le---</subfield>
  </datafield>
  <datafield ind1="0" ind2=" " tag="050">
    <subfield code="a">DS80.4</subfield>
    <subfield code="b">.D8</subfield>
  </datafield>
  <datafield ind1=" " ind2=" " tag="079">
    <subfield code="a">ocm19710036</subfield>
  </datafield>
  <datafield ind1=" " ind2=" " tag="049">
    <subfield code="a">PULL</subfield>
  </datafield>
  <datafield ind1="1" ind2=" " tag="100">
    <subfield code="6">880-01</subfield>
    <subfield code="a">Ḍuʻūn, Tawfīq Faḍl Allāh.</subfield>
  </datafield>
  <datafield ind1="1" ind2="0" tag="245">
    <subfield code="6">880-02</subfield>
    <subfield code="a">Min waḥy al-sabʻīn 1883-1953,</subfield>
    <subfield code="b">fī al-ṣilah bayna al-mughtaribīn wa-al-muqīmīn</subfield>
    <subfield code="c">[taʹlīf] Tawfīq Faḍl Allāh Ḍuʻūn.</subfield>
  </datafield>
  <datafield ind1=" " ind2=" " tag="260">
    <subfield code="6">880-03</subfield>
    <subfield code="a">Bayrūt</subfield>
    <subfield code="c">[1953]</subfield>
  </datafield>
  <datafield ind1=" " ind2=" " tag="300">
    <subfield code="a">334 p.</subfield>
    <subfield code="b">illus., ports.</subfield>
    <subfield code="c">22 cm.</subfield>
  </datafield>
  <datafield ind1=" " ind2=" " tag="500">
    <subfield code="a">In Arabic.</subfield>
  </datafield>
  <datafield ind1=" " ind2="0" tag="651">
    <subfield code="a">Lebanon</subfield>
    <subfield code="x">Social life and customs.</subfield>
    <subfield code="0">http://id.loc.gov/authorities/subjects/sh2008116031</subfield>
  </datafield>
  <datafield ind1="1" ind2=" " tag="880">
    <subfield code="6">100-01/r</subfield>
    <subfield code="a">ضعون، توفيق فضل الله.</subfield>
  </datafield>
  <datafield ind1="1" ind2="0" tag="880">
    <subfield code="6">245-02/r</subfield>
    <subfield code="a">من وحي السبعين 1883-1953،</subfield>
    <subfield code="b">في الصلة بين المغتربين والمقيمين</subfield>
    <subfield code="c">[تليف] توفيق فضل الله ضعون.</subfield>
  </datafield>
  <datafield ind1=" " ind2=" " tag="880">
    <subfield code="6">260-03/r</subfield>
    <subfield code="a">بيروت</subfield>
    <subfield code="c">[1953]</subfield>
  </datafield>
  <datafield ind1=" " ind2=" " tag="947">
    <subfield code="a">CET5083</subfield>
  </datafield>
  <datafield ind1=" " ind2=" " tag="911">
    <subfield code="a">20000130</subfield>
  </datafield>
  <datafield ind1=" " ind2=" " tag="994">
    <subfield code="a">C0</subfield>
    <subfield code="b">PUL</subfield>
  </datafield>
  <datafield ind1=" " ind2=" " tag="999">
    <subfield code="a">1528504</subfield>
  </datafield>
  <datafield ind1="0" ind2="0" tag="852">
    <subfield code="0">1760409</subfield>
    <subfield code="b">nec</subfield>
    <subfield code="t">0</subfield>
    <subfield code="h">DS80.4</subfield>
    <subfield code="i">.D8 1953</subfield>
  </datafield>
  <datafield ind1=" " ind2=" " tag="959">
    <subfield code="a">2000-06-13 00:00:00 -0400</subfield>
  </datafield>
</record>
